<record><leader>00000cas a2200000 a 4500</leader><controlfield tag="001">30333104</controlfield><controlfield tag="008">940426d19121959cauwr ne      0    0eng c</controlfield><datafield ind1=" " ind2=" " tag="010"><subfield code="a">sn 94051527 </subfield></datafield><datafield ind1=" " ind2=" " tag="040"><subfield code="a">CNK</subfield><subfield code="b">eng</subfield><subfield code="c">CNK</subfield><subfield code="d">CNK</subfield><subfield code="d">OCLCQ</subfield><subfield code="d">OCLCF</subfield><subfield code="d">OCLCO</subfield></datafield><datafield ind1="1" ind2=" " tag="029"><subfield code="a">AU@</subfield><subfield code="b">000010972530</subfield></datafield><datafield ind1=" " ind2=" " tag="042"><subfield code="a">pcc</subfield></datafield><datafield ind1=" " ind2=" " tag="043"><subfield code="a">n-us-ca</subfield></datafield><datafield ind1="0" ind2="4" tag="245"><subfield code="a">The Moorpark enterprise.</subfield></datafield><datafield ind1=" " ind2=" " tag="260"><subfield code="a">Moorpark, Ventura County, Calif. :</subfield><subfield code="b">Brackett &amp; Ford</subfield></datafield><datafield ind1=" " ind2=" " tag="300"><subfield code="a">v.</subfield></datafield><datafield ind1=" " ind2=" " tag="310"><subfield code="a">Weekly</subfield></datafield><datafield ind1="0" ind2=" " tag="362"><subfield code="a">Vol. 1, no. 1 (Aug. 1, 1912)-v. 47, no. 41 (Apr. 30, 1959).</subfield></datafield><datafield ind1=" " ind2=" " tag="500"><subfield code="a">"The Simi Valley newspaper."</subfield></datafield><datafield ind1=" " ind2=" " tag="500"><subfield code="a">"Moorpark" appears in small print between "The" and "Enterprise," &lt;Aug. 16, 1928&gt;-Apr. 30, 1959.</subfield></datafield><datafield ind1=" " ind2=" " tag="530"><subfield code="a">Master negatives are available for duplication from:</subfield><subfield code="b">California Newspaper Microfilm Archive;</subfield><subfield code="c">positive copies may be purchased by the reel; for further information consult the CNMA at:</subfield><subfield code="u">http://cbsr.ucr.edu</subfield></datafield><datafield ind1=" " ind2="0" tag="651"><subfield code="a">Moorpark (Calif.)</subfield><subfield code="v">Newspapers.</subfield></datafield><datafield ind1=" " ind2="0" tag="651"><subfield code="a">Simi Valley (Calif.)</subfield><subfield code="v">Newspapers.</subfield></datafield><datafield ind1=" " ind2="7" tag="655"><subfield code="a">Newspapers.</subfield><subfield code="2">fast</subfield><subfield code="0">(OCoLC)fst01423814</subfield></datafield><datafield ind1=" " ind2="7" tag="651"><subfield code="a">California</subfield><subfield code="z">Moorpark.</subfield><subfield code="2">fast</subfield><subfield code="0">(OCoLC)fst01219046</subfield></datafield><datafield ind1=" " ind2="7" tag="651"><subfield code="a">California</subfield><subfield code="z">Simi Valley.</subfield><subfield code="2">fast</subfield><subfield code="0">(OCoLC)fst01214312</subfield></datafield><datafield ind1=" " ind2=" " tag="752"><subfield code="a">United States</subfield><subfield code="b">California</subfield><subfield code="c">Ventura</subfield><subfield code="d">Moorpark.</subfield></datafield><datafield ind1="0" ind2="0" tag="785"><subfield code="t">Moorpark Simi Valley enterprise</subfield><subfield code="w">(DLC)sn2003061121</subfield></datafield></record>